<?xml version="1.0"?>
<zs:searchRetrieveResponse xmlns:zs="http://www.loc.gov/zing/srw/">
  <zs:version>1.1</zs:version>
  <zs:numberOfRecords>47</zs:numberOfRecords>
  <zs:records xmlns:marc="http://www.loc.gov/MARC21/slim"><zs:record>
      <zs:recordPacking>xml</zs:recordPacking>
      <zs:recordData>
        <record xmlns="http://www.loc.gov/MARC21/slim">
          <leader>00436nz a2200121 4500</leader>
          <controlfield tag="001">30003619</controlfield>
          <controlfield tag="003">RISM</controlfield>
          <controlfield tag="005">20121108</controlfield>
          <controlfield tag="008">121108n||az|||||||##########||||||||||||</controlfield>
          <datafield tag="043" ind1=" " ind2=" ">
            <subfield code="c">Australia</subfield>
          </datafield>
          <datafield tag="110" ind1="2" ind2=" ">
            <subfield code="a">Australian Institute of Aboriginal Studies, Library</subfield>
            <subfield code="c">Acton</subfield>
            <subfield code="g">AUS-ACai</subfield>
          </datafield>
          <datafield tag="622" ind1=" " ind2=" ">
            <subfield code="e">Australian Institute of Aboriginal, Studies, Library, Acton House, Kendall Street,
              AUS-Acton, 2601 (P. O. Box 553, Canberra City 2601)</subfield>
          </datafield>
          <datafield tag="852" ind1="2" ind2=" ">
            <subfield code="b">42.485, -71.4333333</subfield>
          </datafield>
          <idzebra xmlns="http://www.indexdata.dk/zebra/">
            <size>436</size>
            <score>734</score>
            <localnumber>830220</localnumber>
            <filename>sigla/sigla.mrc</filename>
          </idzebra>
        </record>
      </zs:recordData>
      <zs:recordPosition>17</zs:recordPosition>
    </zs:record>