<zs:record>
      <zs:recordPacking>xml</zs:recordPacking>
      <zs:recordData>
        <record xmlns="http://www.loc.gov/MARC21/slim">
          <leader>00382nz a2200109 4500</leader>
          <controlfield tag="001">30003630</controlfield>
          <controlfield tag="003">RISM</controlfield>
          <controlfield tag="005">20121108</controlfield>
          <controlfield tag="008">121108n||az|||||||##########||||||||||||</controlfield>
          <datafield tag="043" ind1=" " ind2=" ">
            <subfield code="c">Australia</subfield>
          </datafield>
          <datafield tag="110" ind1="2" ind2=" ">
            <subfield code="a">Canberra School of Music (CSM)</subfield>
            <subfield code="c">Canberra</subfield>
            <subfield code="g">AUS-CAsm</subfield>
          </datafield>
          <datafield tag="622" ind1=" " ind2=" ">
            <subfield code="e">Canberra School of Music, William Herbert Place, Canberra City, 2601 (P. O. Box 804,
              Canberra City 2601)</subfield>
            <subfield code="u">http://www.anu.edu.au/music/</subfield>
          </datafield>
          <idzebra xmlns="http://www.indexdata.dk/zebra/">
            <size>382</size>
            <score>734</score>
            <localnumber>829725</localnumber>
            <filename>sigla/sigla.mrc</filename>
          </idzebra>
        </record>
      </zs:recordData>
      <zs:recordPosition>6</zs:recordPosition>
    </zs:record>