<zs:record>
      <zs:recordPacking>xml</zs:recordPacking>
      <zs:recordData>
        <record xmlns="http://www.loc.gov/MARC21/slim">
          <leader>00344nz a2200109 4500</leader>
          <controlfield tag="001">30003631</controlfield>
          <controlfield tag="003">RISM</controlfield>
          <controlfield tag="005">20121108</controlfield>
          <controlfield tag="008">121108n||az|||||||##########||||||||||||</controlfield>
          <datafield tag="043" ind1=" " ind2=" ">
            <subfield code="c">Australia</subfield>
          </datafield>
          <datafield tag="110" ind1="2" ind2=" ">
            <subfield code="a">Monash University, Music Department</subfield>
            <subfield code="c">Clayton</subfield>
            <subfield code="g">AUS-CLu</subfield>
          </datafield>
          <datafield tag="622" ind1=" " ind2=" ">
            <subfield code="e">Monash University, Music Department, Wellington Road, Clayton 3168</subfield>
            <subfield code="u">http://www.monash.edu.au/</subfield>
          </datafield>
          <idzebra xmlns="http://www.indexdata.dk/zebra/">
            <size>344</size>
            <score>734</score>
            <localnumber>836187</localnumber>
            <filename>sigla/sigla.mrc</filename>
          </idzebra>
        </record>
      </zs:recordData>
      <zs:recordPosition>44</zs:recordPosition>
    </zs:record>